@Article{pandapower.2018,
  author  = {L. Thurner and A. Scheidler and F. Sch{\"a}fer and J. Menke and J. Dollichon and F. Meier and S. Meinecke and M. Braun},
  journal = {IEEE Transactions on Power Systems},
  title   = {pandapower â€” An Open-Source Python Tool for Convenient Modeling, Analysis, and Optimization of Electric Power Systems},
  year    = {2018},
  issn    = {0885-8950},
  month   = {Nov},
  number  = {6},
  pages   = {6510-6521},
  volume  = {33},
  doi     = {10.1109/TPWRS.2018.2829021},
}

@Misc{software.lab.pp.2023,
  author = {Florian Hirschmann},
  month  = oct,
  title  = {Presentation software laboratory pandapower},
  year   = {2023},
}

@Comment{jabref-meta: databaseType:bibtex;}
